@misc{chen2022controllabletextgenerationlanguage,
      title={Controllable Text Generation with Language Constraints}, 
      author={Howard Chen and Huihan Li and Danqi Chen and Karthik Narasimhan},
      year={2022},
      eprint={2212.10466},
      archivePrefix={arXiv},
      primaryClass={cs.CL},
      url={https://arxiv.org/abs/2212.10466}, 
}

@inproceedings{bert-score,
  title={BERTScore: Evaluating Text Generation with BERT},
  author={Tianyi Zhang* and Varsha Kishore* and Felix Wu* and Kilian Q. Weinberger and Yoav Artzi},
  booktitle={International Conference on Learning Representations},
  year={2020},
  url={https://openreview.net/forum?id=SkeHuCVFDr}
}
@misc{llmReporting,
  title = {How Multi Agent LLMs Are Revolutinizing Reporting},
  howpublished = {\url{https://medium.com/@gelareh.taghizadeh_63525/how-multi-agent-llms-are-revolutinizing-reporting-5eec0113146a}},
  note = {Accessed: 2025-03-21}
}

@inproceedings{pereira2024generation,
  title     = {Generation of Breaking News Contents Using Large Language Models and Search Engine Optimization},
  author    = {Pereira, Jo{\~a}o and Wanzeller, Wenderson and Rosado da Cruz, Ant{\'o}nio Miguel},
  booktitle = {Proceedings of the 26th International Conference on Enterprise Information Systems (ICEIS 2024)},
  url       = {https://www.scitepress.org/Papers/2024/127392/127392.pdf}
}
